<record><leader>00000cas a22000007a 4500</leader><controlfield tag="001">24893414</controlfield><controlfield tag="008">911205d18821888nyuwr ne      0    0eng d</controlfield><datafield ind1=" " ind2=" " tag="010"><subfield code="a">sn 91066993 </subfield></datafield><datafield ind1=" " ind2=" " tag="040"><subfield code="a">NYS</subfield><subfield code="b">eng</subfield><subfield code="c">NYS</subfield><subfield code="d">OCLCQ</subfield></datafield><datafield ind1=" " ind2=" " tag="042"><subfield code="a">msc</subfield></datafield><datafield ind1="0" ind2="4" tag="245"><subfield code="a">The Brookfield courier and the reporter.</subfield></datafield><datafield ind1="1" ind2="3" tag="246"><subfield code="a">Brookfield courier</subfield></datafield><datafield ind1=" " ind2=" " tag="260"><subfield code="a">Brookfield, N.Y. :</subfield><subfield code="b">H.L. Spooner &amp; Son,</subfield><subfield code="c">1882-1888.</subfield></datafield><datafield ind1=" " ind2=" " tag="300"><subfield code="a">7 v. ;</subfield><subfield code="c">74 cm.</subfield></datafield><datafield ind1=" " ind2=" " tag="310"><subfield code="a">Weekly</subfield></datafield><datafield ind1="0" ind2=" " tag="362"><subfield code="a">Vol. 7, no. 2 (May 4, 1882)-v. 13, no. 34 (Dec. 5, 1888).</subfield></datafield><datafield ind1=" " ind2=" " tag="500"><subfield code="a">Publishers: H.L. Spooner &amp; Son, 1882-1884; Stillman &amp; Talbot, 1884; Stillman &amp; Phillips, 1884-&lt;1885&gt;; Stillman &amp; Spooner, 1886-1888.</subfield></datafield><datafield ind1=" " ind2=" " tag="500"><subfield code="a">"Independent in everything."</subfield></datafield><datafield ind1=" " ind2="4" tag="651"><subfield code="a">Brookfield (N.Y.)</subfield><subfield code="v">Newspapers.</subfield></datafield><datafield ind1=" " ind2=" " tag="752"><subfield code="a">United States</subfield><subfield code="b">New York</subfield><subfield code="c">Madison</subfield><subfield code="d">Brookfield.</subfield></datafield><datafield ind1="0" ind2="0" tag="780"><subfield code="t">Brookfield courier (Brookfield, N.Y. : 1876)</subfield><subfield code="w">(DLC)sn 88075850</subfield><subfield code="w">(OCoLC)18953391</subfield></datafield><datafield ind1="0" ind2="0" tag="785"><subfield code="t">Brookfield courier (Brookfield, N.Y. : 1888)</subfield><subfield code="w">(DLC)sn 91066994</subfield><subfield code="w">(OCoLC)24893735</subfield></datafield><datafield ind1="1" ind2=" " tag="029"><subfield code="a">AU@</subfield><subfield code="b">000025856039</subfield></datafield></record>